@article{VanDerSteenhoven1988547,
title = "Knockout of 1p protons from 12C induced by the (e, e'p) reaction ",
journal = "Nuclear Physics A ",
volume = "480",
number = "3–4",
pages = "547 - 572",
year = "1988",
note = "",
issn = "0375-9474",
doi = "http://dx.doi.org/10.1016/0375-9474(88)90463-0",
url = "http://www.sciencedirect.com/science/article/pii/0375947488904630",
author = "G. Van Der Steenhoven and H.P. Blok and E. Jans and M. De Jong and L. Lapikás and E.N.M. Quint and P.K.A. De Witt Huberts",
keywords = "Nuclear reactions "
}

@article{DeForest1983,
      author         = "J. De Forest",
      title          = "Off-shell electron nucleon cross section. The impulse approximation",
      journal        = "Nucl. Phys.",
      volume         = "A392",
      pages          = "232",
      year           = "1983",      
}
@article{Kelly:1996hd,
  title = {Nucleon knockout by intermediate-energy electrons},
  author = {Kelly, J.},
  journal = {Adv. Nucl. Phys.},
  volume = {23},
  pages = {75--294},
  year = {1996}
 }
@article{Lapikas1993297,
title = "Quasi-elastic electron scattering off nuclei ",
journal = "Nuclear Physics A ",
volume = "553",
number = "0",
pages = "297 - 308",
year = "1993",
note = "",
issn = "0375-9474",
doi = "10.1016/0375-9474(93)90630-G",
url = "http://www.sciencedirect.com/science/article/pii/037594749390630G",
author = "L. Lapikás"
}
@article{PhysRevC.53.1689,
  title = {Realistic model of the nucleon spectral function in few- and many-nucleon systems},
  author = {Ciofi degli Atti, C. and Simula, S.},
  journal = {Phys. Rev. C},
  volume = {53},
  issue = {4},
  pages = {1689--1710},
  year = {1996},
  month = {Apr},
  doi = {10.1103/PhysRevC.53.1689},
  url = {http://link.aps.org/doi/10.1103/PhysRevC.53.1689},
  publisher = {American Physical Society}
}
@article{src_john,
title = "Hard probes of short-range nucleon–nucleon correlations ",
author = "J. Arrington and D.W. Higinbotham and G. Rosner and M. Sargsian",
journal = "Progress in Particle and Nuclear Physics ",
volume = "67",
number = "4",
pages = "898 - 938",
year = "2012",
issn = "0146-6410",
doi = "10.1016/j.ppnp.2012.04.002",
url = "http://www.sciencedirect.com/science/article/pii/S0146641012000749",
}
@article{doi:10.1142/S0217751X08041207,
   author = {Frankfurt, L. and Sargsian, M. and Strikman, M.},
   title = {Recent Observation of Short-Range Nucleon Correlations in Nuclei and Their Implication for the Structure of Nuclei and Neutron Stars},
   journal = {International Journal of Modern Physics A},
   volume = {23},
   number = {20},
   pages = {2991-3055},
   year = {2008},
  }

  @article{Frankfurt1981215,
  title = "High-energy phenomena, short-range nuclear structure and \{QCD\} ",
  journal = "Physics Reports ",
  volume = "76",
  number = "4",
  pages = "215 - 347",
  year = "1981",
  note = "",
  issn = "0370-1573",
  doi = "10.1016/0370-1573(81)90129-0",
  url = "http://www.sciencedirect.com/science/article/pii/0370157381901290",
  author = "L.L. Frankfurt and M.I. Strikman"
  }

  @Article{RevModPhys.80.189,
    title = {Inclusive quasielastic electron-nucleus scattering},
    author = {Benhar, Omar and Day, Donal and Sick, Ingo},
    journal = {Rev. Mod. Phys.},
    volume = {80},
    issue = {1},
    pages = {189--224},
    year = {2008},
    month = {Jan},
    doi = {10.1103/RevModPhys.80.189}
  }
  @article{West1975263,
title = "Electron scattering from atoms, nuclei and nucleons ",
journal = "Physics Reports ",
volume = "18",
number = "5",
pages = "263 - 323",
year = "1975",
note = "",
issn = "0370-1573",
doi = "10.1016/0370-1573(75)90035-6",
author = "Geoffrey B. West"
}
@article{day_arns,
author = {Day, D B and McCarthy, J S and Donnelly, T W and Sick, I},
title = {Scaling in Inclusive Electron-Nucleus Scattering},
journal = {Annual Review of Nuclear and Particle Science},
volume = {40},
number = {1},
pages = {357-410},
year = {1990},
doi = {10.1146/annurev.ns.40.120190.002041}
}
@article{PhysRevC.41.R2474,
  title = {Nucleon spectral function in complex nuclei and nuclear matter and inclusive quasielastic electron scattering},
  author = {Ciofi degli Atti, C. and Liuti, S. and Simula, S.},
  journal = {Phys. Rev. C},
  volume = {41},
  issue = {6},
  pages = {R2474--R2478},
  year = {1990},
  month = {Jun},
  doi = {10.1103/PhysRevC.41.R2474},
  url = {http://link.aps.org/doi/10.1103/PhysRevC.41.R2474},
  publisher = {American Physical Society}
}
@article{Boffi19931,
title = "Nuclear response in electromagnetic interactions with complex nuclei ",
journal = "Physics Reports ",
volume = "226",
number = "1–2",
pages = "1 - 101",
year = "1993",
note = "",
issn = "0370-1573",
doi = "10.1016/0370-1573(93)90132-W",
url = "http://www.sciencedirect.com/science/article/pii/037015739390132W",
author = "S. Boffi and C. Giusti and F.D. Pacati"
}

@article{PhysRevLett.105.212502,
  title = {Scaling of the ${F}_{2}$ Structure Function in Nuclei and Quark Distributions at $x&gt;1$},
  author = {Fomin, N. and others}, 
  journal = {Phys. Rev. Lett.},
  volume = {105},
  issue = {21},
  pages = {212502},
  numpages = {5},
  year = {2010},
  month = {Nov},
  publisher = {American Physical Society},
  doi = {10.1103/PhysRevLett.105.212502},
  url = {http://link.aps.org/doi/10.1103/PhysRevLett.105.212502}
}
@article{SLAC_Measurement_PRC.48.2451,
  title = {Evidence for short-range correlations from high ${\mathit{Q}}^{2}$ (        \textit{e}      ,        \textit{e}      ') reactions},
  author = {Frankfurt, L. L. and Strikman, M. I. and Day, D. B. and Sargsyan, M.},
  journal = {Phys. Rev. C},
  volume = {48},
  issue = {5},
  pages = {2451--2461},
  year = {1993},
  month = {Nov},
  doi = {10.1103/PhysRevC.48.2451},
  url = {http://link.aps.org/doi/10.1103/PhysRevC.48.2451},
  publisher = {American Physical Society}
}
@article{PhysRevLett.96.082501,
  title = {Measurement of Two- and Three-Nucleon Short-Range Correlation Probabilities in Nuclei},
  author = {Egiyan, K. S. and others},
  collaboration = {CLAS Collaboration},
  journal = {Phys. Rev. Lett.},
  volume = {96},
  issue = {8},
  pages = {082501},
  numpages = {6},
  year = {2006},
  month = {Mar},
  doi = {10.1103/PhysRevLett.96.082501},
  url = {http://link.aps.org/doi/10.1103/PhysRevLett.96.082501},
  publisher = {American Physical Society}
}

@article{Subedi13062008,
author = {Subedi, R. and others},
volume = {320}, 
number = {5882}, 
pages = {1476-1478}, 
year = {2008}, 
doi = {10.1126/science.1156675}, 
URL = {http://www.sciencemag.org/content/320/5882/1476.abstract}, 
eprint = {http://www.sciencemag.org/content/320/5882/1476.full.pdf}, 
journal = {Science} 
}

@article{halla_nim,
      author    = "Alcorn, J. and others",
      title     = "{Basic Instrumentation for Hall A at Jefferson Lab}",
      journal   = "Nucl. Instrum. Meth.",
      volume    = "A522",
      year      = "2004",
      pages     = "294-346",
      doi       = "10.1016/j.nima.2003.11.415",
      SLACcitation  = "%%CITATION = NUIMA,A522,294;%%"
}

@misc{zye_thesis,
	author         = "Ye, Z.",
	title          = "{Ph.D Thesis, University of Virginia}",
	year           = "2013",
	eprint         = "arXiv:1408.5861", 
  }
@misc{e08014_pr,
     author    = "Arrington, J. and Day, D. and Higinbotham, D. and Solvignon, P.",
     title     = "{Three-nucleon short range correlations studies in inclusive scattering for $0.8<Q^{2}<2.8 (GeV/c)^{2}$}",
     year= "2011",
     howpublished={\url{http://hallaweb.jlab.org/experiment/E08-014/}}
}
@misc{doug_or_clas,
     author    = "Higinbotham, D. and Hen, O.",
     title     = "TBD",
     year= "2014"
}