@article{piasetzky06,
      author         = "Piasetzky, E. and Sargsian, M. and Frankfurt, L. and
                        Strikman, M. and Watson, J. W.",
      title          = "{Evidence for the strong dominance of proton-neutron
                        correlations in nuclei}",
      journal        = "Phys. Rev. Lett.",
      volume         = "97",
      year           = "2006",
      pages          = "162504",
      doi            = "10.1103/PhysRevLett.97.162504",
      SLACcitation   = "%%CITATION = NUCL-TH/0604012;%%"}

@Article{aste05,
     author    = "Aste, Andreas and von Arx, Cyrill and Trautmann, Dirk",
     title     = "Coulomb distortion of relativistic electrons in the nuclear
                  electrostatic field",
     journal   = "Eur. Phys. J.",
     volume    = "A26",
     year      = "2005",
     pages     = "167-178",
     SLACcitation  = "%%CITATION = NUCL-TH 0502074;%%"}

@article{stein75,
      author         = "Stein, S. and Atwood, W. B. and Bloom, Elliott D. and
                        Cottrell, R. Leslie and DeStaebler, H. C. and Jordan, C.
                        L. and Piel, H. and Prescott, C. Y. and Siemann, R. and
                        Taylor, Richard E.",
      title          = "{Electron Scattering at 4-Degrees with Energies of
                        4.5-GeV - 20-GeV}",
      journal        = "Phys. Rev.",
      volume         = "D12",
      year           = "1975",
      pages          = "1884",
      doi            = "10.1103/PhysRevD.12.1884",
      reportNumber   = "SLAC-PUB-1528",
      SLACcitation   = "%%CITATION = PHRVA,D12,1884;%%"}

@article{aclander99,
      author         = "Aclander, Jaime L.S. and Alster, J. and Barton, D. and
                        Bunce, G. and Carroll, A. and others",
      title          = "{The large momentum transfer reaction {$^{12}$C(p,2p+n)} as a
                        new method for measuring short range {N N} correlations in
                        nuclei}",
      journal        = "Phys. Lett.",
      volume         = "B453",
      pages          = "211-216",
      year           = "1999"}

@Article{tang03,
     author    = "Tang, A. and others",
     title     = "{np short-range correlations from (p,2p+n)
                  measurements}",
     journal   = "Phys. Rev. Lett.",
     volume    = "90",
     year      = "2003",
     pages     = "042301"}

@Article{arrington99,
     author    = "Arrington, J. and others",
     title     = "Inclusive electron nucleus scattering at large momentum
                  transfer",
     journal   = "Phys. Rev. Lett.",
     volume    = "82",
     year      = "1999",
     pages     = "2056-2059",
     SLACcitation  = "%%CITATION = NUCL-EX 9811008;%%"}

@Article{arrington01,
     author    = "Arrington, J. and others",
     title     = "x and xi scaling of the nuclear structure function at large
                  x",
     journal   = "Phys. Rev.",
     volume    = "C64",
     year      = "2001",
     pages     = "014602",
     SLACcitation  = "%%CITATION = NUCL-EX 0102004;%%"}

@article{hen14_science,
      author         = "Hen, O. and Sargsian, M. and Weinstein, L.B. and
                        Piasetzky, E. and Hakobyan, H. and others",
      title          = "{Momentum sharing in imbalanced Fermi systems}",
      journal        = "Science",
      volume         = "346",
      pages          = "614-617",
      doi            = "10.1126/science.1256785",
      year           = "2014",
      SLACcitation   = "%%CITATION = ARXIV:1412.0138;%%"}

@article{wiringa14,
      author         = "Wiringa, R.B. and Schiavilla, R. and Pieper, Steven C.
                        and Carlson, J.",
      title          = "{Nucleon and nucleon-pair momentum distributions in $A
                        \le 12$ nuclei}",
      journal        = "Phys. Rev.",
      volume         = "C89",
      pages          = "024305",
      doi            = "10.1103/PhysRevC.89.024305",
      year           = "2014",
      reportNumber   = "JLAB-THY-13-1789",
      SLACcitation   = "%%CITATION = ARXIV:1309.3794;%%"}

@article{lu13,
      author         = "Lu, Z. -T. and Mueller, P. and Drake, G.W.F. and
                        Noertershaeuser, W. and Pieper, Steven C. and others",
      title          = "{Colloquium: Laser probing of neutron-rich nuclei in
                        light atoms}",
      journal        = "Rev. Mod. Phys.",
      number         = "4",
      volume         = "85",
      pages          = "1383-1400",
      doi            = "10.1103/RevModPhys.85.1383",
      year           = "2013",
      SLACcitation   = "%%CITATION = ARXIV:1307.2872;%%"}

@article{carlson14,
      author         = "Carlson, J. and Gandolfi, S. and Pederiva, F. and Pieper,
                        Steven C. and Schiavilla, R. and others",
      title          = "{Quantum Monte Carlo methods for nuclear physics}",
      year           = "2014",
      eprint         = "1412.3081",
      archivePrefix  = "arXiv",
      primaryClass   = "nucl-th",
      reportNumber   = "LA-UR-14-29251, JLAB-THY-14-1989",
      SLACcitation   = "%%CITATION = ARXIV:1412.3081;%%"}

@article{VanDerSteenhoven1988547,
      author         = "Van Der Steenhoven, G. and Blok, H. P. and Jans, E. and
                        De Jong, M. and Lapikas, Louk and Quint, E. N. M. and De
                        Witt Huberts, P. K. A.",
      title          = "{Knockout of 1p Protons From $^{12}$C Induced by the
                        ($e$, $e^\prime P$) Reaction}",
      journal        = "Nucl. Phys.",
      volume         = "A480",
      year           = "1988",
      pages          = "547-572",
      doi            = "10.1016/0375-9474(88)90463-0",
      SLACcitation   = "%%CITATION = NUPHA,A480,547;%%"}

@article{DeForest1983,
      author         = "T. DeForest",
      title          = "Off-shell electron nucleon cross section. The impulse approximation",
      journal        = "Nucl. Phys.",
      volume         = "A392",
      pages          = "232",
      year           = "1983",      
}
@article{Kelly:1996hd,
  title = {Nucleon knockout by intermediate-energy electrons},
  author = {Kelly, J.},
  journal = {Adv. Nucl. Phys.},
  volume = {23},
  pages = {75--294},
  year = {1996}
 }
@article{Lapikas1993297,
title = "Quasi-elastic electron scattering off nuclei ",
journal = "Nucl. Phys. A ",
volume = "553",
number = "0",
pages = "297 - 308",
year = "1993",
note = "",
issn = "0375-9474",
doi = "10.1016/0375-9474(93)90630-G",
author = "L. Lapikas"
}
@article{PhysRevC.53.1689,
  title = {Realistic model of the nucleon spectral function in few- and many-nucleon systems},
  author = {Ciofi degli Atti, C. and Simula, S.},
  journal = {Phys. Rev. C},
  volume = {53},
  issue = {4},
  pages = {1689--1710},
  year = {1996},
  month = {Apr},
  doi = {10.1103/PhysRevC.53.1689},
  publisher = {American Physical Society}
}
@article{src_john,
title = "Hard probes of short-range nucleon–nucleon correlations ",
author = "J. Arrington and D.W. Higinbotham and G. Rosner and M. Sargsian",
journal = "Prog. Part. Nucl. Phys.",
volume = "67",
number = "4",
pages = "898 - 938",
year = "2012",
issn = "0146-6410",
doi = "10.1016/j.ppnp.2012.04.002",
}
@article{doi:10.1142/S0217751X08041207,
   author = {Frankfurt, L. and Sargsian, M. and Strikman, M.},
   title = {Recent Observation of Short-Range Nucleon Correlations in Nuclei and Their Implication for the Structure of Nuclei and Neutron Stars},
   journal = {International Journal of Modern Physics A},
   volume = {23},
   number = {20},
   pages = {2991-3055},
   year = {2008},
  }

  @article{Frankfurt1981215,
  title = "High-energy phenomena, short-range nuclear structure and \{QCD\} ",
  journal = "Physics Reports ",
  volume = "76",
  number = "4",
  pages = "215 - 347",
  year = "1981",
  note = "",
  issn = "0370-1573",
  doi = "10.1016/0370-1573(81)90129-0",
  author = "L.L. Frankfurt and M.I. Strikman"
  }

  @Article{RevModPhys.80.189,
    title = {Inclusive quasielastic electron-nucleus scattering},
    author = {Benhar, Omar and Day, Donal and Sick, Ingo},
    journal = {Rev. Mod. Phys.},
    volume = {80},
    issue = {1},
    pages = {189--224},
    year = {2008},
    month = {Jan},
    doi = {10.1103/RevModPhys.80.189}
  }
  @article{West1975263,
title = "Electron scattering from atoms, nuclei and nucleons ",
journal = "Physics Reports ",
volume = "18",
number = "5",
pages = "263 - 323",
year = "1975",
note = "",
issn = "0370-1573",
doi = "10.1016/0370-1573(75)90035-6",
author = "Geoffrey B. West"
}
@article{day_arns,
author = {Day, D B and McCarthy, J S and Donnelly, T W and Sick, I},
title = {Scaling in Inclusive Electron-Nucleus Scattering},
journal = {Annual Review of Nuclear and Particle Science},
volume = {40},
number = {1},
pages = {357-410},
year = {1990},
doi = {10.1146/annurev.ns.40.120190.002041}
}
@article{PhysRevC.41.R2474,
  title = {Nucleon spectral function in complex nuclei and nuclear matter and inclusive quasielastic electron scattering},
  author = {Ciofi degli Atti, C. and Liuti, S. and Simula, S.},
  journal = {Phys. Rev. C},
  volume = {41},
  issue = {6},
  pages = {R2474--R2478},
  year = {1990},
  month = {Jun},
  doi = {10.1103/PhysRevC.41.R2474},
  publisher = {American Physical Society}
}
@article{Boffi19931,
title = "Nuclear response in electromagnetic interactions with complex nuclei ",
journal = "Physics Reports ",
volume = "226",
number = "1–2",
pages = "1 - 101",
year = "1993",
note = "",
issn = "0370-1573",
doi = "10.1016/0370-1573(93)90132-W",
author = "S. Boffi and C. Giusti and F.D. Pacati"
}

@article{PhysRevLett.105.212502,
  title = {Scaling of the ${F}_{2}$ Structure Function in Nuclei and Quark Distributions at $x&gt;1$},
  author = {Fomin, N. and others}, 
  journal = {Phys. Rev. Lett.},
  volume = {105},
  issue = {21},
  pages = {212502},
  numpages = {5},
  year = {2010},
  month = {Nov},
  publisher = {American Physical Society},
  doi = {10.1103/PhysRevLett.105.212502},
}
@article{SLAC_Measurement_PRC.48.2451,
  title = {Evidence for short-range correlations from high ${\mathit{Q}}^{2}$ (        \textit{e}      ,        \textit{e}      ') reactions},
  author = {Frankfurt, L. L. and Strikman, M. I. and Day, D. B. and Sargsyan, M.},
  journal = {Phys. Rev. C},
  volume = {48},
  issue = {5},
  pages = {2451--2461},
  year = {1993},
  month = {Nov},
  doi = {10.1103/PhysRevC.48.2451},
  publisher = {American Physical Society}}

@article{PhysRevLett.96.082501,
  title = {Measurement of Two- and Three-Nucleon Short-Range Correlation Probabilities in Nuclei},
  author = {Egiyan, K. S. and others},
  journal = {Phys. Rev. Lett.},
  volume = {96},
  issue = {8},
  pages = {082501},
  numpages = {6},
  year = {2006},
  month = {Mar},
  doi = {10.1103/PhysRevLett.96.082501},
  publisher = {American Physical Society}
}

@article{Subedi13062008,
author = {Subedi, R. and others},
volume = {320}, 
number = {5882}, 
pages = {1476-1478}, 
year = {2008}, 
doi = {10.1126/science.1156675}, 
journal = {Science} 
}

@article{halla_nim,
      author    = "Alcorn, J. and others",
      title     = "{Basic Instrumentation for Hall A at Jefferson Lab}",
      journal   = "Nucl. Instrum. Meth.",
      volume    = "A522",
      year      = "2004",
      pages     = "294-346",
      doi       = "10.1016/j.nima.2003.11.415",
      SLACcitation  = "%%CITATION = NUIMA,A522,294;%%"
}

@misc{zye_thesis,
	author         = "Ye, Z.",
	title          = "{Ph.D Thesis, University of Virginia}",
	year           = "2013",
	eprint         = "arXiv:1408.5861", 
  }
@misc{e08014_pr,
     author    = "Arrington, J. and Day, D. and Higinbotham, D. and Solvignon, P.",
     title     = "{Three-nucleon short range correlations studies in inclusive scattering for $0.8<Q^{2}<2.8 (GeV/c)^{2}$}",
     year= "2011",
     howpublished={http://hallaweb.jlab.org/experiment/E08-014/}
}
@article{Higinbotham:2014xna,
      author         = "Higinbotham, Douglas W. and Hen, Or",
      title          = "{Comment on “Measurement of Two- and Three-Nucleon
                        Short-Range Correlation Probabilities in Nuclei”}",
      journal        = "Phys. Rev. Lett.",
      number         = "16",
      volume         = "114",
      pages          = "169201",
      doi            = "10.1103/PhysRevLett.114.169201",
      year           = "2015",
      reportNumber   = "JLAB-PHY-14-1946",
      SLACcitation   = "%%CITATION = ARXIV:1409.3069;%%",
}

@article{fomin2012,
      author         = "Fomin, N. and others",
      title          = "{New measurements of high-momentum nucleons and
                        short-range structures in nuclei}",
      journal        = "Phys. Rev. Lett.",
      volume         = "108",
      pages          = "092502",
      doi            = "10.1103/PhysRevLett.108.092502",
      year           = "2012",
      reportNumber   = "JLAB-PHY-11-1408",
      SLACcitation   = "%%CITATION = ARXIV:1107.3583;%%"}

@article{egiyan2003,
      author         = {Egiyan, K. S. and others},
      title          = "{Observation of nuclear scaling in the A(e, e-prime)
                        reaction at x(B) greater than 1}",
      journal        = "Phys. Rev.",
      volume         = "C68",
      year           = "2003",
      pages          = "014313",
      doi            = "10.1103/PhysRevC.68.014313",
      reportNumber   = "JLAB-PHY-03-48",
      SLACcitation   = "%%CITATION = NUCL-EX/0301008;%%"}

@article{korover2014,
      author         = "Korover, I. and others",
      title          = "{Probing the Repulsive Core of the Nucleon-Nucleon
                        Interaction via the $^4He(e,e′pN)$ Triple-Coincidence
                        Reaction}",
      journal        = "Phys. Rev. Lett.",
      number         = "2",
      volume         = "113",
      pages          = "022501",
      doi            = "10.1103/PhysRevLett.113.022501",
      year           = "2014",
      reportNumber   = "JLAB-PHY-14-1862",
      SLACcitation   = "%%CITATION = ARXIV:1401.6138;%%"}

@Misc{e1211112,
  author = "J.~Arrington and D.~Day and D.~W.~Higinbotham and P.~Solvignon",
  title="{Precision measurement of the isospin dependence in the 2N and 3N short range correlation region}",
  howpublished={Jefferson Lab Experiment Proposal E12-11-112},
  year="2011"}

@Misc{e1206105,
  author = "J.~Arrington and D.~Day and N.~Fomin and P.~Solvignon",
  title={Inclusive Scattering from Nuclei at $x>1$ in the quasielastic and deeply inelastic regimes},
  howpublished={Jefferson Lab Experiment Proposal E12-06-105},
  year="2006"}


